<record><leader>00000cas a22000007a 4500</leader><controlfield tag="001">2715303</controlfield><controlfield tag="008">770202d1832184ugaudr ne      0    0eng  </controlfield><datafield ind1=" " ind2=" " tag="010"><subfield code="a">sn 84020134 </subfield></datafield><datafield ind1=" " ind2=" " tag="040"><subfield code="a">DLC</subfield><subfield code="b">eng</subfield><subfield code="c">DLC</subfield><subfield code="d">OCL</subfield><subfield code="d">DLC</subfield><subfield code="d">NYG</subfield><subfield code="d">NPY</subfield><subfield code="d">NPU</subfield><subfield code="d">NPX</subfield><subfield code="d">NPA</subfield><subfield code="d">PPM</subfield><subfield code="d">DLC</subfield><subfield code="d">NLG</subfield><subfield code="d">DLC</subfield><subfield code="d">NLG</subfield><subfield code="d">CNW</subfield><subfield code="d">FUG</subfield><subfield code="d">OCL</subfield><subfield code="d">OCLCO</subfield><subfield code="d">OCLCQ</subfield><subfield code="d">OCLCF</subfield></datafield><datafield ind1=" " ind2=" " tag="019"><subfield code="a">2260083</subfield></datafield><datafield ind1="1" ind2=" " tag="029"><subfield code="a">AU@</subfield><subfield code="b">000020128591</subfield></datafield><datafield ind1=" " ind2=" " tag="042"><subfield code="a">msc</subfield></datafield><datafield ind1=" " ind2=" " tag="043"><subfield code="a">n-us-ga</subfield></datafield><datafield ind1="0" ind2="0" tag="050"><subfield code="a">Newspaper 7488-X</subfield></datafield><datafield ind1="0" ind2=" " tag="130"><subfield code="a">Georgia constitutionalist (Augusta, Ga. : 1832)</subfield></datafield><datafield ind1="1" ind2="4" tag="245"><subfield code="a">The Georgia constitutionalist.</subfield></datafield><datafield ind1="1" ind2=" " tag="246"><subfield code="i">From &lt;Oct. 2, 1835-Feb. 7, 1837&gt;, sometimes published as:</subfield><subfield code="a">Daily constitutionalist</subfield></datafield><datafield ind1=" " ind2=" " tag="260"><subfield code="a">Augusta, Ga. :</subfield><subfield code="b">Guieu &amp; Bunce</subfield></datafield><datafield ind1=" " ind2=" " tag="300"><subfield code="a">v.</subfield></datafield><datafield ind1=" " ind2=" " tag="310"><subfield code="a">Daily,</subfield><subfield code="b">1837-</subfield></datafield><datafield ind1=" " ind2=" " tag="321"><subfield code="a">Semiweekly,</subfield><subfield code="b">1832-1834</subfield></datafield><datafield ind1=" " ind2=" " tag="321"><subfield code="a">Daily during the fall and winter business season; semiweekly during the spring and summer,</subfield><subfield code="b">Oct. 1, 1834-&lt;Feb. 7, 1837&gt;</subfield></datafield><datafield ind1="1" ind2=" " tag="362"><subfield code="a">Began in June 1832.</subfield></datafield><datafield ind1=" " ind2=" " tag="530"><subfield code="a">Also issued on microfilm by the University of Georgia Libraries.</subfield></datafield><datafield ind1=" " ind2=" " tag="588"><subfield code="a">Description based on: Vol. 10, no. 1 (June 19, 1832).</subfield></datafield><datafield ind1=" " ind2="0" tag="651"><subfield code="a">Augusta (Ga.)</subfield><subfield code="v">Newspapers.</subfield></datafield><datafield ind1=" " ind2="0" tag="651"><subfield code="a">Richmond County (Ga.)</subfield><subfield code="v">Newspapers.</subfield></datafield><datafield ind1=" " ind2="7" tag="655"><subfield code="a">Newspapers.</subfield><subfield code="2">fast</subfield><subfield code="0">(OCoLC)fst01423814</subfield></datafield><datafield ind1=" " ind2="7" tag="651"><subfield code="a">Georgia</subfield><subfield code="z">Augusta.</subfield><subfield code="2">fast</subfield><subfield code="0">(OCoLC)fst01206406</subfield></datafield><datafield ind1=" " ind2="7" tag="651"><subfield code="a">Georgia</subfield><subfield code="z">Richmond County.</subfield><subfield code="2">fast</subfield><subfield code="0">(OCoLC)fst01215116</subfield></datafield><datafield ind1=" " ind2=" " tag="752"><subfield code="a">United States</subfield><subfield code="b">Georgia</subfield><subfield code="c">Richmond</subfield><subfield code="d">Augusta.</subfield></datafield><datafield ind1="1" ind2=" " tag="775"><subfield code="t">Georgia constitutionalist (Augusta, Ga. : Weekly)</subfield><subfield code="g">1832-&lt;1840&gt;</subfield><subfield code="w">(DLC)sn 90052030</subfield><subfield code="w">(OCoLC)21480386</subfield></datafield><datafield ind1="1" ind2=" " tag="775"><subfield code="t">Georgia constitutionalist (Augusta, Ga. : Triweekly)</subfield><subfield code="g">1834-&lt;1840&gt;</subfield><subfield code="w">(DLC)sn 86053014</subfield><subfield code="w">(OCoLC)12989220</subfield></datafield><datafield ind1="0" ind2="0" tag="780"><subfield code="t">Constitutionalist (Augusta, Ga.)</subfield><subfield code="w">(DLC)sn 84025807</subfield><subfield code="w">(OCoLC)10382597</subfield></datafield><datafield ind1="0" ind2="0" tag="785"><subfield code="t">Daily constitutionalist (Augusta, Ga. : 1846)</subfield><subfield code="w">(DLC)sn 90052029</subfield><subfield code="w">(OCoLC)21665964</subfield></datafield></record>